@InProceedings{Chen18NODE,
  author    = {R. T. Q. {Chen} and Y. Rubanova and J. Bettencourt and D. K. {Duvenaud}},
  booktitle = {Advances in Neural Information Processing Systems 31},
  title     = {Neural Ordinary Differential Equations},
  year      = {2018},
  pages     = {6571--6583},
}


@article{Lorenz63,
	year = {1963},
	pages = {130--148},
	author = {Edward Lorenz},
	number = {2},
	title = {Deterministic Nonperiodic Flow},
	volume = {20},
	journal = {Journal of Atmospheric Sciences}
}


@inproceedings{Gilpin21Chaos,
title={Chaos as an interpretable benchmark for forecasting and data-driven modelling},
author={William Gilpin},
booktitle={Thirty-fifth Conference on Neural Information Processing Systems Datasets and Benchmarks Track (Round 2)},
year={2021},
url={https://openreview.net/forum?id=enYjtbjYJrf}
}


@inproceedings{Nassar18Tree,
title={Tree-Structured Recurrent Switching Linear Dynamical Systems for Multi-Scale Modeling},
author={Josue Nassar and Scott Linderman and Monica Bugallo and Il Memming Park},
booktitle={International Conference on Learning Representations},
year={2019},
url={https://openreview.net/forum?id=HkzRQhR9YX},
}

@article{Champion19Data,
author = {Kathleen Champion  and Bethany Lusch  and J. Nathan Kutz  and Steven L. Brunton },
title = {Data-driven discovery of coordinates and governing equations},
journal = {Proceedings of the National Academy of Sciences},
volume = {116},
number = {45},
pages = {22445-22451},
year = {2019},
doi = {10.1073/pnas.1906995116},
URL = {https://www.pnas.org/doi/abs/10.1073/pnas.1906995116},
eprint = {https://www.pnas.org/doi/pdf/10.1073/pnas.1906995116}
}

@article{Dubois20Data,
  TITLE = {{Data-driven predictions of the Lorenz system}},
  AUTHOR = {Dubois, Pierre and Gomez, Thomas and Planckaert, Laurent and Perret, Laurent},
  URL = {https://hal.archives-ouvertes.fr/hal-02475962},
  JOURNAL = {{Physica D: Nonlinear Phenomena}},
  PUBLISHER = {{Elsevier}},
  VOLUME = {408},
  PAGES = {132495},
  YEAR = {2020},
  MONTH = Jul,
  PDF = {https://hal.archives-ouvertes.fr/hal-02475962v2/file/DAAA19190.1587487898_postprint.pdf}
}


@InProceedings{Greydanus19Hamlitonian,
  author    = {S. Greydanus and M. Dzamba and J. Yosinski},
  booktitle = {Advances in Neural Information Processing Systems 32},
  title     = {Hamiltonian Neural Networks},
  year      = {2019},
  pages     = {15379--15389},
}



@article{Haber17Stable,
	doi = {10.1088/1361-6420/aa9a90},
	url = {https://doi.org/10.1088/1361-6420/aa9a90},
	year = 2017,
	month = {dec},
	publisher = {{IOP} Publishing},
	volume = {34},
	number = {1},
	pages = {014004},
	author = {Eldad Haber and Lars Ruthotto},
	title = {Stable architectures for deep neural networks},
	journal = {Inverse Problems}
}

@article{WE17Proposal,
author={E, Weinan},
title={A Proposal on Machine Learning via Dynamical Systems},
journal={Communications in Mathematics and Statistics},
year={2017},
month={Mar},
day={01},
volume={5},
number={1},
pages={1-11}
}

@book{Fehlberg68,
author = {Fehlberg, Erwin. and NASA.},
title= {Classical fifth-, sixth-, seventh-, and eighth-order Runge-Kutta formulas with stepsize control},
series = {NASA Technical Report },
series = {NASA TR R-287 },
address = {Washington, D.C. },
publisher = {NASA},
year = {1968},
size = {82 p. ; 27 cm.},
language = {English},
location = {Cranfield University Libraries},
}

@article{Liu89LBFGS,
  author = {Liu, D. C. and Nocedal, J.},
  description = {On The Limited Memory Bfgs Method For Large Scale Optimization - Liu, Nocedal (ResearchIndex)},
  journal = {Math. Programming},
  number = {3, (Ser. B)},
  pages = {503--528},
  title = {On the limited memory {B}{F}{G}{S} method for large scale optimization},
  volume = 45,
  year = 1989
}



@inproceedings{He16Deep,
  author={He, Kaiming and Zhang, Xiangyu and Ren, Shaoqing and Sun, Jian},
  title={Deep Residual Learning for Image Recognition},
  booktitle={The IEEE Conference on Computer Vision and Pattern Recognition},
  year={2016}
}



@InProceedings{Lu18Beyond,
  author={Y. Lu and A. Zhong and Q. Li and B. Dong},
  title={Beyond Finite Layer Neural Networks: {B}ridging Deep Architectures and Numerical Differential Equations},
  booktitle={Proceedings of the 35th International Conference on Machine Learning},
  year={2018}
}
